[gd_scene load_steps=8 format=2]

[ext_resource path="res://TileSet.tres" type="TileSet" id=1]
[ext_resource path="res://Player/Player.tscn" type="PackedScene" id=2]
[ext_resource path="res://MovingPlatform/MovingPlatform.tscn" type="PackedScene" id=3]
[ext_resource path="res://Cannon/Cannon.tscn" type="PackedScene" id=4]
[ext_resource path="res://Camera/Camera.tscn" type="PackedScene" id=5]
[ext_resource path="res://Button/Button.tscn" type="PackedScene" id=6]

[sub_resource type="Curve2D" id=1]
_data = {
"points": PoolVector2Array( 0, 0, 0, 0, 128, 0, 0, 0, 0, 0, 128, -96, 0, 0, 0, 0, 224, -96, 0, 0, 0, 0, 224, 0, 0, 0, 0, 0, 128, 0 )
}

[node name="Node2D" type="Node2D"]

[node name="ColorRect" type="ColorRect" parent="."]
margin_left = -1085.0
margin_top = -1085.0
margin_right = 1125.0
margin_bottom = 1125.0
color = Color( 0.101961, 0.137255, 0.313726, 1 )

[node name="TileMap" type="TileMap" parent="."]
tile_set = ExtResource( 1 )
cell_size = Vector2( 16, 16 )
collision_layer = 3
collision_mask = 3
format = 1
tile_data = PoolIntArray( -786439, 1, 0, -720903, 1, 0, -786426, 1, 0, -655367, 1, 0, -720892, 1, 0, -720891, 1, 0, -589831, 1, 0, -655358, 1, 0, -655357, 1, 0, -524295, 1, 0, -524289, 1, 0, -589824, 1, 0, -589823, 1, 0, -458759, 1, 0, -458753, 1, 0, -393223, 1, 0, -393217, 1, 0, -327687, 1, 0, -327681, 1, 0, -262151, 1, 0, -262145, 1, 0, -196615, 1, 0, -196609, 1, 0, -131079, 1, 0, -131073, 1, 0, -65543, 1, 0, -65537, 1, 0, -7, 1, 0, -1, 1, 0, 65529, 1, 0, 65530, 1, 0, 65531, 1, 0, 65532, 1, 0, 65533, 1, 0, 65534, 1, 0, 65535, 1, 0, 0, 1, 0, 1, 1, 0, 2, 1, 0, 3, 1, 0, 4, 1, 0, 5, 1, 0, 6, 1, 0, 7, 1, 0, 8, 1, 0, 9, 1, 0, 10, 1, 0, 11, 1, 0, 12, 1, 0, 13, 1, 0, 14, 1, 0, 15, 1, 0, 16, 1, 0, 17, 1, 0, 18, 1, 0, 19, 1, 0, 20, 1, 0, 21, 1, 0, 22, 1, 0, 23, 1, 0, 24, 1, 0, 25, 1, 0, 26, 1, 0, 27, 1, 0, 28, 1, 0, 29, 1, 0, 30, 1, 0, 31, 1, 0, 32, 1, 0, 33, 1, 0, 34, 1, 0, 35, 1, 0, 36, 1, 0, 37, 1, 0, 38, 1, 0 )

[node name="Player" parent="." instance=ExtResource( 2 )]
position = Vector2( 341, -24 )

[node name="Camera" parent="Player" instance=ExtResource( 5 )]
zoom = Vector2( 1, 1 )

[node name="Path2D" type="Path2D" parent="."]
position = Vector2( 0, -1 )
curve = SubResource( 1 )
__meta__ = {
"_edit_group_": true
}

[node name="PathFollow2D" type="PathFollow2D" parent="Path2D"]
position = Vector2( 128, 0 )
rotate = false

[node name="MovingPlatform" parent="Path2D/PathFollow2D" instance=ExtResource( 3 )]
path2d_path = NodePath("../..")
follow_path = NodePath("..")

[node name="Cannon" parent="." instance=ExtResource( 4 )]
position = Vector2( 256, -144 )
rotation = 1.0472

[node name="Button" parent="." instance=ExtResource( 6 )]
position = Vector2( 256, -5 )
entity_path = NodePath("../Cannon3")

[node name="Button3" parent="." instance=ExtResource( 6 )]
position = Vector2( 37, -5 )
entity_path = NodePath("../Path2D/PathFollow2D/MovingPlatform")

[node name="Button2" parent="." instance=ExtResource( 6 )]
position = Vector2( 465, -5 )
entity_path = NodePath("../Cannon2")

[node name="Cannon2" parent="." instance=ExtResource( 4 )]
position = Vector2( 864, -224 )
rotation = -1.0472

[node name="Cannon3" parent="." instance=ExtResource( 4 )]
position = Vector2( 408, -32 )

[node name="CanvasModulate" type="CanvasModulate" parent="."]
color = Color( 0.0235294, 0.0666667, 0.105882, 1 )
